@article{adams2004,
	author  = {Adams, D. C. and Rohlf, F. J. and Slice, D. E.},
	title   = {Geometric morphometrics: ten years of progress following the ‘revolution’},
	journal = {Italian Journal of Zoology},
	volume  = {71},
	pages   = {5--16},
	year    = {2004},
	doi     = {10.1080/11250000409356545}
}

@article{afiati2007,
	author = {Afiati, Norma},
	year = {2007},
	month = {01},
	pages = {},
	title = {Gonad maturation of two intertidal blood clams Anadara granosa (L.) and Anadara antiquate (L.) (Bivalvia: Arcidae) in Central Java},
	volume = {10}
}

@article{aji,
	author  = {Aji, L. P.},
	title   = {Review: Spawning Induction in Bivalve},
	journal = {Jurnal Penelitian Sains},
	year    = {2011},
	volume  = {14},
	pages   = {14207}
}

@article{arkhipkin2005,
	author    = {Arkhipkin, Alexander I.},
	title     = {Statoliths as ‘black boxes’ (life recorders) in squid},
	journal   = {Marine and Freshwater Research},
	year      = {2005},
	volume    = {56},
	pages     = {573--583},
	doi       = {10.1071/mf04158}
}

@article{bahtiar,
	author  = {Bahtiar, B. and Purnama, M. F. and Kasim, M. and Ishak, E.},
	title   = {Population dynamics of blood clams Tegillarca granosa in Kendari Bay, Southeast Sulawesi, Indonesia},
	journal = {Biodiversitas Journal of Biological Diversity},
	year    = {2022},
	volume  = {23},
	number  = {10},
	doi     = {10.13057/biodiv/d231015}
	url     = {https://doi.org/10.13057/biodiv/d231015}
}

@incollection{barrera2023abalone,
	author    = {Barrera-Hernandez, R. and Barrera-Soto, V. and Martinez-Rodriguez, J. L. and Ríos-Alvarado, A. B. and Ortiz-Rodríguez, F.},
	title     = {Towards Abalone Differentiation Through Machine Learning},
	booktitle = {Towards Abalone Differentiation through Machine Learning},
	pages     = {108--118},
	year      = {2023},
	publisher = {Springer},
	doi       = {10.1007/978-3-031-34222-6_9}
	url       = {https://doi.org/10.1007/978-3-031-34222-6_9}
}

@misc{betterseafood2024,
	author    = {Better Seafood Philippines},
	title     = {Better Seafood Philippines},
	howpublished = {Sustainable Fisheries Partnership},
	year      = {2024},
	url       = {https://sustainablefish.org/impact-initiatives/supporting-small-scale-fisheries/better-seafood-philippines/}
}

@article{boey2011waste,
	author  = {Boey, P.-L. and Maniam, G. P. and Hamid, S. A. and Ali, D. M. H.},
	title   = {Utilization of waste cockle shell (Anadara granosa) in biodiesel production from palm olein: Optimization using response surface methodology},
	journal = {Fuel},
	year    = {2011},
	volume  = {90},
	number  = {7},
	pages   = {2353--2358},
	doi     = {10.1016/j.fuel.2011.03.002}
	url     = {https://doi.org/10.1016/j.fuel.2011.03.002}
}

@misc{breton2017sex,
	author    = {Breton, S. and Capt, C. and Guerra, D. and Stewart, D.},
	title     = {Sex Determining Mechanisms in Bivalves},
	howpublished = {Preprints.org},
	year      = {2017},
	month     = {June},
	doi       = {10.20944/preprints201706.0127.v1}
	url       = {https://doi.org/10.20944/preprints201706.0127.v1}
}

@article{breton2010novel,
	author  = {Breton, S. and Stewart, D. T. and Shepardson, S. and Trdan, R. J. and Bogan, A. E. and Chapman, E. G. and Ruminas, A. J. and Piontkivska, H. and Hoeh, W. R.},
	title   = {Novel Protein Genes in Animal mtDNA: A New Sex Determination System in Freshwater Mussels (Bivalvia: Unionoida)?},
	journal = {Molecular Biology and Evolution},
	year    = {2010},
	volume  = {28},
	number  = {5},
	pages   = {1645--1659},
	doi     = {10.1093/molbev/msq345}
	url     = {https://doi.org/10.1093/molbev/msq345}
}

@misc{brotohadikusomo,
	author    = {Brotohadikusomo, A.},
	title     = {Ecology of Two Species of Blood Clams Anadara},
	howpublished = {Proquest},
	year      = {1994},
	month     = {November}
	url       = {https://www.proquest.com/dissertations-theses/ecology-two-species-blood-clams-em-anadara/docview/1797897997/se-2?accountid=207156}
}

@article{budd,
	author  = {Budd, A. and Banh, Q. and Domingos, J. and Jerry, D.},
	title   = {Sex Control in Fish: Approaches, Challenges and Opportunities for Aquaculture},
	journal = {Journal of Marine Science and Engineering},
	year    = {2015},
	volume  = {3},
	number  = {2},
	pages   = {329--355},
	doi     = {10.3390/jmse3020329}
	url     = {https://doi.org/10.3390/jmse3020329}
}

@article{burdon2014,
	author    = {Burdon, Daryl and Callaway, Ruth and Elliott, Michael and Smith, Tim and Wither, Andrew},
	title     = {Mass mortalities in bivalve populations: A review of the edible cockle \textit{Cerastoderma edule} (L.)},
	journal   = {Estuarine, Coastal and Shelf Science},
	year      = {2014},
	month     = {04},
	volume    = {150},
	pages     = {},
	doi       = {10.1016/j.ecss.2014.04.011}
}

@article{cui2020,
	author = {Cui, Y., Pan, T., Chen, S., & Zou, X.},
	title =  {A gender classification method for Chinese mitten crab using deep convolutional neural network},
	journal ={ Multimedia Tools and Applications},
	volume = {79},
	number = {11-12}, 
	pages = {7669–7684},
	year = {2020}, 
	doi = {https://doi.org/10.1007/s11042-019-08355-w}
}
	
@article{srisunont2020,
	author = {C. Srisunont and Y. Nobpakhun and C. Yamalee and T. Srisunont},
	title = {Influence of Seasonal Variation and Anthropogenic Stress on Blood Cockle (Tegillarca Granosa) Production Potential},
	journal = {Influence of Seasonal Variation and Anthropogenic Stress on Blood Cockle (Tegillarca Granosa) Production Potential},
	volume = {44},
	number = {2},
	pages = {62--82},
	year = {2020}
}

@article{campos2012,
	author = {A. Campos and S. Tedesco and V. Vasconcelos and S. Cristobal},
	title = {Proteomic Research in Bivalves: Towards the Identification of Molecular Markers of Aquatic Pollution},
	journal = {Proteomic Research in Bivalves},
	volume = {75},
	number = {14},
	pages = {4346--4359},
	year = {2012},
	doi = {10.1016/j.jprot.2012.04.027}
}

@article{doering1990,
	author  = {Doering, P. and Ludwig, J.},
	title   = {Shape Analysis of Otoliths—a Tool for Indirect Ageing of Eel, Anguilla anguilla (L.)?},
	journal = {International Review of Hydrobiology},
	volume  = {75},
	number  = {6},
	pages   = {737--743},
	year    = {1990},
	doi     = {10.1002/iroh.19900750607}
}

@misc{erica2018,
	author       = {Erica, D.},
	title        = {Clam dissection: A first step into dissection and anatomy for young learners},
	year         = {2018},
	month        = apr,
	day          = {4},
	publisher    = {Rosie Research},
	url          = {https://rosieresearch.com/clam-dissection-anatomy/}
}

@misc{fao2024,
	title = {FAO 2024 Report: Sustainable Aquatic Food Systems Important for Global Food Security – European Fishmeal},
	year = {2024},
	howpublished = {\url{https://effop.org/news-events/fao-2024-report-sustainable-aquatic-food-systems-important-for-global-food-security/}}
}


@inproceedings{ishak2016,
	author = {A. R. Ishak and S. Mohamad and T. K. Soo and F. S. Hamid},
	title = {Leachate and Surface Water Characterization and Heavy Metal Health Risk on Cockles in Kuala Selangor},
	booktitle = {Procedia - Social and Behavioral Sciences},
	volume = {222},
	pages = {263--271},
	year = {2016},
	doi = {10.1016/j.sbspro.2016.05.156}
}

@article{karapunar2021,
	author    = {Karapunar, Baran and Werner, W. and Fürsich, F. T. and Nützel, A.},
	title     = {The earliest example of sexual dimorphism in bivalves—evidence from the astartid \textit{Nicaniella} (Lower Jurassic, southern Germany)},
	journal   = {Journal of Paleontology},
	year      = {2021},
	volume    = {95},
	number    = {6},
	pages     = {1216--1225},
	doi       = {10.1017/jpa.2021.48}
}

@incollection{kerr2014,
	author    = {Kerr, L. A. and Campana, S. E.},
	title     = {Chemical composition of fish hard parts as a natural marker of fish stocks},
	booktitle = {Stock Identification Methods},
	editors   = {Cadrin, S. X. and Kerr, L. A. and Mariani, S.},
	publisher = {Elsevier},
	year      = {2014},
	pages     = {205--234},
	doi       = {10.1016/b978-0-12-397003-9.00011-4}
}

@article{kiel2021,
	author = {Kiel, S.},
	title = {Assessing bivalve phylogeny using Deep Learning and Computer Vision approaches},
	booktitle ={BioRxiv (Cold Spring Harbor Laboratory)},
	doi = {https://doi.org/10.1101/2021.04.08.438943}
}

@article{kim2024,
	author = {E. Kim and S.-M. Yang and J.-E. Cha and D.-H. Jung and H.-Y. Kim},
	title = {Deep Learning-Based Phenotype Classification of Three Ark Shells: Anadara Kagoshimensis, Tegillarca Granosa, and Anadara Broughtonii},
	journal = {Frontiers in Marine Science},
	volume = {11},
	year = {2024},
	doi = {10.3389/fmars.2024.1356356}
}

@article{koonce2021,
	author = {Koonce, B.},
	title = {SqueezeNet},
	journal =  {Convolutional Neural Networks with Swift for Tensorflow},
	pages = {73–85},
	doi =  {https://doi.org/10.1007/978-1-4842-6168-2_7}
}

@article{lee2014,
	author = {J. S. Lee and J. J. Park and Y. K. Shin and H. Kim and M. A. Jeon},
	title = {Sex Change and Sequential Hermaphroditism in Tegillarca Granosa (Bivalvia: Arcidae)},
	journal = {Invertebrate Reproduction \& Development},
	volume = {58},
	number = {4},
	pages = {314--318},
	year = {2014},
	doi = {10.1080/07924259.2014.949014}
}

@article{quenu2020,
	author = {Mathieu Quenu and S. A. Trewick and F. Brescia and M. Morgan-Richards},
	title = {Geometric Morphometrics and Machine Learning Challenge Currently Accepted Species Limits of the Land Snail Placostylus (Pulmonata: Bothriembryontidae) on the Isle of Pines, New Caledonia},
	journal = {Journal of Molluscan Studies},
	volume = {86},
	number = {1},
	pages = {35--41},
	year = {2020},
	doi = {10.1093/mollus/eyz031}
}

@article{may2021,
	author = {K. May and C. Maung and E. Phyu and N. Tun},
	title = {Spawning Period of Blood Cockle Tegillarca Granosa (Linnaeus, 1758) in Myeik Coastal Areas},
	journal = {J. Myanmar Acad. Arts Sci},
	volume = {4},
	year = {2021}
}

@article{miranda2023,
	author = {D. V. Miranda and V. M. E. N. Ferriols},
	title = {Initial Attempts on Spawning and Larval Rearing of the Blood Cockle, Tegillarca Granosa (Linnaeus, 1758), in the Philippines},
	journal = {Asian Fisheries Science},
	volume = {36},
	number = {2},
	year = {2023},
	doi = {10.33997/j.afs.2023.36.2.001}
}

@article{narasimham1988,
	author = {K. A. Narasimham},
	title = {Taxonomy of the Blood Clams Anadara (Tegillarca) Granosa (Linnaeus, 1758) and A. (T.) Rhombea (Born, 1780)},
	year = {1988}
}

@article{naylor2000,
	author = {R. L. Naylor and R. J. Goldburg and J. H. Primavera and N. Kautsky and M. C. M. Beveridge and J. Clay and C. Folke and J. Lubchenco and H. Mooney and M. Troell},
	title = {Effect of Aquaculture on World Fish Supplies},
	journal = {Nature},
	volume = {405},
	number = {6790},
	pages = {1017--1024},
	year = {2000},
	doi = {10.1038/35016500}
}

@article{ponton2006,
	author  = {Ponton, D.},
	title   = {Is geometric morphometrics efficient for comparing otolith shape of different fish species?},
	journal = {Journal of Morphology},
	volume  = {267},
	number  = {7},
	pages   = {750--757},
	year    = {2006},
	doi     = {10.1002/jmor.10439}
}

@article{quenu2020,
	author = {Quenu, Mathieu and Trewick, Steven and Brescia, Fabrice and Morgan-Richards, Mary},
	year = {2020},
	month = {02},
	pages = {1-7},
	title = {Geometric morphometrics and machine learning challenge currently accepted species limits of the land snail Placostylus (Pulmonata: Bothriembryontidae) on the Isle of Pines, New Caledonia},
	volume = {86},
	journal = {Journal of Molluscan Studies},
	doi = {10.1093/mollus/eyz031}
}

@misc{yurimoto2014,
	author = {Tatsuya Yurimoto and Faizul Mohd Kassim and A. Man and R. Fuseya},
	title = {Spawning Season and Larval Occurrence of Blood Cockle (Anadara Granosa) off the Selangor Coast, Peninsular Malaysia},
	note = {DOAJ: Directory of Open Access Journals},
	year = {2014}
}

@article{rohlf1984,
	author ={	F. James Rohlf, & Archie, J. W. },
 	title = {A Comparison of Fourier Methods for the Description of Wing Shape in Mosquitoes (Diptera: Culicidae)},
 	journal = {Systematic Zoology},
 	volume ={33},
 	number = {3},
 	pages = {302–302},
 	doi = {https://doi.org/10.2307/2413076}
}

@article{sany2014,
	author = {S. B. Tavakoly Sany and R. Hashim and M. Rezayi and A. Salleh and M. A. Rahman and O. Safari and A. Sasekumar},
	title = {Human Health Risk of Polycyclic Aromatic Hydrocarbons from Consumption of Blood Cockle and Exposure to Contaminated Sediments and Water along the Klang Strait, Malaysia},
	journal = {Marine Pollution Bulletin},
	volume = {84},
	number = {1-2},
	pages = {268--279},
	year = {2014},
	doi = {10.1016/j.marpolbul.2014.05.004}
}

@article{tarca2007,
	author    = {Tarca, Adi L. and Carey, Vincent J. and Chen, Xing-wang and Romero, Roberto and Drăghici, Sorin},
	title     = {Machine Learning and Its Applications to Biology},
	journal   = {PLoS Computational Biology},
	year      = {2007},
	volume    = {3},
	number    = {6},
	pages     = {e116},
	doi       = {10.1371/journal.pcbi.0030116}
}

@article{tsutsumi2023,
	author = {M. Tsutsumi and N. Saito and D. Koyabu and C. Furusawa},
	title = {A Deep Learning Approach for Morphological Feature Extraction Based on Variational Auto-Encoder: An Application to Mandible Shape},
	journal = {Npj Systems Biology and Applications},
	volume = {9},
	number = {1},
	pages = {1--12},
	year = {2023},
	doi = {10.1038/s41540-023-00293-6}
}


@misc{torres2023,
	author = {Luís Fernando Torres},
	title = {XGBoost: The King of Machine Learning Algorithms- LatinXinAI - Medium. Medium; LatinXinAI},
	year = {2023},
	month = {April},
	date = {28},
	howpublished = {\url{https://medium.com/latinxinai/xgboost-the-king-of-machine-learning-algorithms-6b5c0d4acd87}}
}

@article{tuset2020,
	author = {V. M. Tuset and E. Galimany and A. Farrés and E. Marco-Herrero and J. L. Otero-Ferrer and A. Lombarte and M. Ramón},
	title = {Recognising Mollusc Shell Contours with Enlarged Spines: Wavelet vs Elliptic Fourier Analyses},
	journal = {Zoology},
	volume = {140},
	pages = {125778--125778},
	year = {2020},
	doi = {10.1016/j.zool.2020.125778}
}

@article{arifin2021,
	author = {W. A. Arifin and I. Ariawan and A. A. Rosalia and L. Lukman and N. Tufailah},
	title = {Data Scaling Performance on Various Machine Learning Algorithms to Identify Abalone Sex},
	journal = {Jurnal Teknologi Dan Sistem Komputer},
	volume = {10},
	number = {1},
	pages = {26--31},
	year = {2021},
	doi = {10.14710/jtsiskom.2021.14105}
}

@misc{wong2018,
	author = {T. M. Wong and T. G. Lim},
	title = {Cockle (Anadara Granosa) Seed Produced in the Laboratory, Malaysia},
	note = {Handle.net},
	year = {2018},
	doi = {10.3366/in_3366.pdf}
}

@article{yusuff2021,
	author = {Yusuff, F. M. and Shari, M. A. M. and Joni, A. A. M. and Kusin, F. M. and Mohamed, K. N. and Zulkeflee, Z. and Asha’ari, Z. H. and Zulkifli, S. Z. and Ismail, A. and Arshad, A.},
	title = {Health Status Comparison of Blood Cockle (Tegillarca granosa) between Low and High Yield Farms in Selangor and Johor},
	journal = {IOP Conference Series: Earth and Environmental Science},
	volume = {934},
	number = {1},
	pages = {012048},
	year = {2021},
	doi = {10.1088/1755-1315/934/1/012048}
}

@article{zahn1972,
	author  = {Zahn, C. T. and Roskies, R. Z.},
	title   = {Fourier descriptors for plane closed curves},
	journal = {IEEE Transactions on Computers},
	volume  = {C-21},
	pages   = {269--281},
	year    = {1972},
	doi     = {10.1109/tc.1972.5008949}
}

@book{zelditch2004,
	author    = {Zelditch, M. and Swiderski, D. L. and Sheets, H. D.},
	title     = {Geometric morphometrics for biologists: A primer},
	edition   = {2nd},
	publisher = {Elsevier Academic Press},
	year      = {2004},
	address   = {Waltham},
}


@article{zha2022,
	author = {Zha, S. and Tang, Y. and Shi, W. and Liu, H. and Sun, C. and Bao, Y. and Liu, G.},
	title = {Impacts of four commonly used nanoparticles on the metabolism of a marine bivalve species, Tegillarca granosa},
	journal = {Chemosphere},
	volume = {296},
	pages = {134079},
	year = {2022},
	doi = {10.1016/j.chemosphere.2022.134079}
}

@article{merigot2007,
	author  = {Mérigot, B. and Letourneur, Y. and Lecomte-Finiger, R.},
	title   = {Characterization of local populations of the common sole Solea solea (Pisces, Soleidae) in the NW Mediterranean through otolith morphometrics and shape analysis},
	journal = {Marine Biology},
	volume  = {151},
	number  = {3},
	pages   = {997--1008},
	year    = {2007},
	doi     = {10.1007/s00227-006-0549-0}
}

@article{ferguson2011,
	author  = {Ferguson, G. J. and Ward, T. M. and Gillanders, B. M.},
	title   = {Otolith shape and elemental composition: Complementary tools for stock discrimination of mulloway (Argyrosomus japonicus) in southern Australia},
	journal = {Fish Research},
	volume  = {110},
	pages   = {75--83},
	year    = {2011},
	doi     = {10.1016/j.fishres.2011.03.014}
}

@article{legua2013,
	author  = {Leguá, J. and Plaza, G. and Pérez, D. and Arkhipkin, A.},
	title   = {Otolith shape analysis as a tool for stock identification of the southern blue whiting, Micromesistius australis},
	journal = {Latin American Journal of Aquatic Research},
	volume  = {41},
	pages   = {479--489},
	year    = {2013}
}

@article{mahe2016,
	author  = {Mahé, K. and Oudard, C. and Mille, T. and Keating, J. and Gonçalves, P. and Clausen, L. W. and et al.},
	title   = {Identifying blue whiting (Micromesistius poutassou) stock structure in the Northeast Atlantic by otolith shape analysis},
	journal = {Canadian Journal of Fisheries and Aquatic Sciences},
	volume  = {73},
	pages   = {1363--1371},
	year    = {2016},
	doi     = {10.1139/cjfas-2015-0332}
}

@article{concepcion2023,
	author  = {Concepcion, R. and Guillermo, M. and Tanner, S. E. and Fonseca, V. and Duarte, B.},
	title   = {BivalveNet: A hybrid deep neural network for common cockle (Cerastoderma edule) geographical traceability based on shell image analysis},
	journal = {Ecological Informatics},
	volume  = {78},
	pages   = {102344},
	year    = {2023},
	doi     = {10.1016/j.ecoinf.2023.102344}
}

@article{lee1997,
	author  = {Lee, J. H.},
	title   = {Studies on the gonadal development and gametogenesis of the granulated ark, Tegillarca granosa (Linne)},
	journal = {The Korean Journal of Malacology},
	volume  = {13},
	pages   = {55--64},
	year    = {1997}
}

@article{heller1993,
	author  = {Heller, J.},
	title   = {Hermaphroditism in molluscs},
	journal = {Biological Journal of the Linnean Society},
	volume  = {48},
	pages   = {19--42},
	year    = {1993},
	doi     = {10.1111/bij.1993.48.issue-1}
}

@book{gosling2004,
	author    = {Gosling, E.},
	title     = {Bivalve molluscs: biology, ecology and culture},
	publisher  = {Blackwell Science},
	year      = {2004},
	address   = {Oxford}
}

@article{collin2013,
	author    = {Collin, R.},
	title     = {Phylogenetic patterns and phenotypic plasticity of molluscan sexual systems},
	journal   = {Integrative and Comparative Biology},
	volume    = {53},
	pages     = {723--735},
	year      = {2013},
	doi       = {10.1093/icb/ict076}
}

@article{coe1943,
	author    = {Coe, W. R.},
	title     = {Sexual differentiation in mollusks. I. Pelecypods},
	journal   = {The Quarterly Review of Biology},
	volume    = {18},
	pages     = {154--164},
	year      = {1943},
	doi       = {10.1086/qrb.1943.18.issue-2}
}

@incollection{thompson1996,
	author    = {Thompson, R. J. and Newell, R. I. E. and Kennedy, V. S. and Mann, R.},
	title     = {Reproductive process and early development},
	booktitle = {The Eastern Oyster Crassostrea virginica},
	editor    = {Kennedy, V. S. and Newell, R. I. E. and Eble, A. F.},
	pages     = {335--370},
	year      = {1996},
	publisher = {Maryland Sea Grant},
	address   = {College Park, MD}
}

@incollection{aypa2000,
	author    = {Aypa, S. M. and Baconguis, S. R.},
	title     = {Philippines: mangrove-friendly aquaculture},
	booktitle = {Mangrove-friendly aquaculture: Proceedings of the workshop on mangrove-friendly aquaculture organized by the SEAFDEC Aquaculture Department, January 11-15, 1999, Iloilo City, Philippines},
	editor    = {Primavera, J. H. and Garcia, L. M. B. and Castaños, M. T. and Surtida, M. B.},
	pages     = {41--56},
	year      = {2000}
}

@techreport{bfar2019,
	author       = {BFAR},
	title        = {Philippine fisheries profile 2018},
	year         = {2019},
	institution  = {Bureau of Fisheries and Aquatic Resources},
	address      = {PCA Compound, Elliptical Road, Quezon City, Philippines}
}
